<?xml version="1.0" encoding="UTF-8"?><collection xmlns="http://www.loc.gov/MARC21/slim"><record><leader>00575nam--2200169-i-4500</leader><controlfield tag="001">000030619</controlfield><controlfield tag="002">20161230</controlfield><controlfield tag="005">20161230201038</controlfield><controlfield tag="008">060222s1000------------r-----000-0-eng-d</controlfield><datafield ind1=" " ind2=" " tag="040"><subfield code="a">IFIN-HH</subfield></datafield><datafield ind1=" " ind2=" " tag="080"><subfield code="a">539.14</subfield></datafield><datafield ind1="1" ind2=" " tag="100"><subfield code="a">Lin, Wing-fai</subfield></datafield><datafield ind1="1" ind2="0" tag="245"><subfield code="a">1. isotope-shirt of nuclear charge distributions 2. statistical theory of deformed nuclei 3. validity of the strutinsky shell correction theory</subfield><subfield code="b">Dissertation</subfield><subfield code="c">Wing-fai lin</subfield></datafield><datafield ind1=" " ind2=" " tag="260"><subfield code="a">Ann Arbor, Michigan</subfield><subfield code="b">University Microfilms, Inc</subfield><subfield code="c">1970</subfield></datafield><datafield ind1=" " ind2=" " tag="300"><subfield code="a">XI+90P</subfield></datafield><datafield ind1=" " ind2=" " tag="852"><subfield code="a">69513</subfield><subfield code="c">539.14</subfield></datafield><datafield ind1=" " ind2=" " tag="CAT"><subfield code="a">Sys</subfield><subfield code="c">20120328</subfield><subfield code="h">101811</subfield></datafield></record></collection>